
@article{ broccoli,
  title = {Quality assessment of broccoli florets by 500 MHz-1H NMR profiling},
  shorttitle = {-},
  author = {Valverde, Juan. and al, },
  year = {2010},
  month = feb,
  volume = {},
  pages = {},
  issn = {},
  doi = {https://hal.inrae.fr/hal-02756439},
  file = {https://hal.inrae.fr/hal-02756439},
  journal = {},
  language = {en},
  number = {}
}

@article{Camerano1880EquViv,
  title = {Dell'equilibrio Dei Viventi Merce La Reciproca Distruzione},
  author = {Camerano, Lorenzo},
  year = {1880},
  volume = {15},
  pages = {393--414},
  journal = {Atti Della R. Accad. Delle Sci. Torino}
}

@book{Elton1927AniEco,
  title = {Animal Ecology},
  author = {Elton, Charles S},
  year = {1927},
  publisher = {{University of Chicago Press}}
}

@article{Fahrenholz1913EctUnd,
  title = {Ectoparasiten Und Abstammungslehre},
  author = {Fahrenholz, H.},
  year = {1913},
  volume = {41},
  pages = {371--374},
  journal = {Zool. Anz.}
}

@article{Nicholson1935BalAni,
  title = {The {{Balance}} of {{Animal Populations}}.\textemdash{{Part I}}.},
  author = {Nicholson, A. J. and Bailey, V. A.},
  year = {1935},
  month = sep,
  volume = {105},
  pages = {551--598},
  issn = {1469-7998},
  doi = {10.1111/j.1096-3642.1935.tb01680.x},
  file = {/home/tpoisot/Zotero/storage/9TU79D3W/abstract.html},
  journal = {Proceedings of the Zoological Society of London},
  language = {en},
  number = {3}
}


